%YAML 1.1
%TAG !u! tag:unity3d.com,2011:
--- !u!1 &1058076126
GameObject:
  m_ObjectHideFlags: 0
  m_CorrespondingSourceObject: {fileID: 0}
  m_PrefabInstance: {fileID: 0}
  m_PrefabAsset: {fileID: 0}
  serializedVersion: 6
  m_Component:
  - component: {fileID: 1058076128}
  - component: {fileID: 1058076127}
  - component: {fileID: 1058076129}
  m_Layer: 0
  m_Name: SphereBox
  m_TagString: Untagged
  m_Icon: {fileID: 0}
  m_NavMeshLayer: 0
  m_StaticEditorFlags: 0
  m_IsActive: 1
--- !u!4 &1058076128
Transform:
  m_ObjectHideFlags: 0
  m_CorrespondingSourceObject: {fileID: 0}
  m_PrefabInstance: {fileID: 0}
  m_PrefabAsset: {fileID: 0}
  m_GameObject: {fileID: 1058076126}
  m_LocalRotation: {x: -0, y: -0, z: -0, w: 1}
  m_LocalPosition: {x: -0.5, y: 2, z: 0}
  m_LocalScale: {x: 1, y: 1, z: 1}
  m_Children: []
  m_Father: {fileID: 6476012626200029744}
  m_RootOrder: 3
  m_LocalEulerAnglesHint: {x: 0, y: 0, z: 0}
--- !u!65 &1058076127
BoxCollider:
  m_ObjectHideFlags: 0
  m_CorrespondingSourceObject: {fileID: 0}
  m_PrefabInstance: {fileID: 0}
  m_PrefabAsset: {fileID: 0}
  m_GameObject: {fileID: 1058076126}
  m_Material: {fileID: 0}
  m_IsTrigger: 1
  m_Enabled: 1
  serializedVersion: 2
  m_Size: {x: 2, y: 4, z: 4}
  m_Center: {x: 0, y: 0, z: 0}
--- !u!114 &1058076129
MonoBehaviour:
  m_ObjectHideFlags: 0
  m_CorrespondingSourceObject: {fileID: 0}
  m_PrefabInstance: {fileID: 0}
  m_PrefabAsset: {fileID: 0}
  m_GameObject: {fileID: 1058076126}
  m_Enabled: 1
  m_EditorHideFlags: 0
  m_Script: {fileID: 11500000, guid: 32da3e90bda52430181516df478739c0, type: 3}
  m_Name: 
  m_EditorClassIdentifier: 
  player: {fileID: 0}
  enemies: {fileID: 0}
  obelisk: {fileID: 6476012626200029745}
  portal: {fileID: 0}
--- !u!1 &4743856849793073898
GameObject:
  m_ObjectHideFlags: 0
  m_CorrespondingSourceObject: {fileID: 0}
  m_PrefabInstance: {fileID: 0}
  m_PrefabAsset: {fileID: 0}
  serializedVersion: 6
  m_Component:
  - component: {fileID: 9219670774110416897}
  - component: {fileID: 8168258680254056493}
  m_Layer: 0
  m_Name: Point Light
  m_TagString: Untagged
  m_Icon: {fileID: 0}
  m_NavMeshLayer: 0
  m_StaticEditorFlags: 4294967295
  m_IsActive: 1
--- !u!4 &9219670774110416897
Transform:
  m_ObjectHideFlags: 0
  m_CorrespondingSourceObject: {fileID: 0}
  m_PrefabInstance: {fileID: 0}
  m_PrefabAsset: {fileID: 0}
  m_GameObject: {fileID: 4743856849793073898}
  m_LocalRotation: {x: -0, y: -0, z: -0, w: 1}
  m_LocalPosition: {x: -16.5, y: 1.5985, z: 0}
  m_LocalScale: {x: 1, y: 1, z: 1}
  m_Children: []
  m_Father: {fileID: 6476012626200029744}
  m_RootOrder: 2
  m_LocalEulerAnglesHint: {x: 0, y: 0, z: 0}
--- !u!108 &8168258680254056493
Light:
  m_ObjectHideFlags: 0
  m_CorrespondingSourceObject: {fileID: 0}
  m_PrefabInstance: {fileID: 0}
  m_PrefabAsset: {fileID: 0}
  m_GameObject: {fileID: 4743856849793073898}
  m_Enabled: 1
  serializedVersion: 8
  m_Type: 2
  m_Color: {r: 1, g: 0.3820755, b: 0.3902146, a: 1}
  m_Intensity: 5
  m_Range: 3
  m_SpotAngle: 30
  m_CookieSize: 10
  m_Shadows:
    m_Type: 0
    m_Resolution: -1
    m_CustomResolution: -1
    m_Strength: 1
    m_Bias: 0.05
    m_NormalBias: 0.4
    m_NearPlane: 0.2
  m_Cookie: {fileID: 0}
  m_DrawHalo: 0
  m_Flare: {fileID: 0}
  m_RenderMode: 0
  m_CullingMask:
    serializedVersion: 2
    m_Bits: 4294967295
  m_Lightmapping: 4
  m_LightShadowCasterMode: 0
  m_AreaSize: {x: 1, y: 1}
  m_BounceIntensity: 1
  m_ColorTemperature: 6570
  m_UseColorTemperature: 0
  m_ShadowRadius: 0
  m_ShadowAngle: 0
--- !u!1 &6476012626200029745
GameObject:
  m_ObjectHideFlags: 0
  m_CorrespondingSourceObject: {fileID: 0}
  m_PrefabInstance: {fileID: 0}
  m_PrefabAsset: {fileID: 0}
  serializedVersion: 6
  m_Component:
  - component: {fileID: 6476012626200029744}
  - component: {fileID: 1282199892}
  - component: {fileID: 1282199893}
  m_Layer: 0
  m_Name: obelisk
  m_TagString: Untagged
  m_Icon: {fileID: 0}
  m_NavMeshLayer: 0
  m_StaticEditorFlags: 0
  m_IsActive: 1
--- !u!4 &6476012626200029744
Transform:
  m_ObjectHideFlags: 0
  m_CorrespondingSourceObject: {fileID: 0}
  m_PrefabInstance: {fileID: 0}
  m_PrefabAsset: {fileID: 0}
  m_GameObject: {fileID: 6476012626200029745}
  m_LocalRotation: {x: 0, y: 0, z: 0, w: 1}
  m_LocalPosition: {x: 16.5, y: 0, z: 0}
  m_LocalScale: {x: 1, y: 1, z: 1}
  m_Children:
  - {fileID: 2333772972068616456}
  - {fileID: 7539681224219883905}
  - {fileID: 9219670774110416897}
  - {fileID: 1058076128}
  m_Father: {fileID: 0}
  m_RootOrder: 0
  m_LocalEulerAnglesHint: {x: 0, y: 0, z: 0}
--- !u!114 &1282199892
MonoBehaviour:
  m_ObjectHideFlags: 0
  m_CorrespondingSourceObject: {fileID: 0}
  m_PrefabInstance: {fileID: 0}
  m_PrefabAsset: {fileID: 0}
  m_GameObject: {fileID: 6476012626200029745}
  m_Enabled: 1
  m_EditorHideFlags: 0
  m_Script: {fileID: 11500000, guid: 23c5b86b4f3154c30baf0848de985035, type: 3}
  m_Name: 
  m_EditorClassIdentifier: 
  emptyObelisk: {fileID: 7539681224219518369}
  fullObelisk: {fileID: 2333772972068250920}
--- !u!65 &1282199893
BoxCollider:
  m_ObjectHideFlags: 0
  m_CorrespondingSourceObject: {fileID: 0}
  m_PrefabInstance: {fileID: 0}
  m_PrefabAsset: {fileID: 0}
  m_GameObject: {fileID: 6476012626200029745}
  m_Material: {fileID: 0}
  m_IsTrigger: 0
  m_Enabled: 1
  serializedVersion: 2
  m_Size: {x: 2, y: 3, z: 2}
  m_Center: {x: 0, y: 1, z: 0}
--- !u!1001 &2773092509221438109
PrefabInstance:
  m_ObjectHideFlags: 0
  serializedVersion: 2
  m_Modification:
    m_TransformParent: {fileID: 6476012626200029744}
    m_Modifications:
    - target: {fileID: 441135983329142709, guid: 9ff59f4ca3018344086423b0c4627e1d,
        type: 3}
      propertyPath: m_Name
      value: obelisk
      objectReference: {fileID: 0}
    - target: {fileID: 441135983329142709, guid: 9ff59f4ca3018344086423b0c4627e1d,
        type: 3}
      propertyPath: m_IsActive
      value: 1
      objectReference: {fileID: 0}
    - target: {fileID: 441135983329442709, guid: 9ff59f4ca3018344086423b0c4627e1d,
        type: 3}
      propertyPath: m_LocalPosition.x
      value: 0
      objectReference: {fileID: 0}
    - target: {fileID: 441135983329442709, guid: 9ff59f4ca3018344086423b0c4627e1d,
        type: 3}
      propertyPath: m_LocalPosition.y
      value: -0.171
      objectReference: {fileID: 0}
    - target: {fileID: 441135983329442709, guid: 9ff59f4ca3018344086423b0c4627e1d,
        type: 3}
      propertyPath: m_LocalPosition.z
      value: 0
      objectReference: {fileID: 0}
    - target: {fileID: 441135983329442709, guid: 9ff59f4ca3018344086423b0c4627e1d,
        type: 3}
      propertyPath: m_LocalRotation.x
      value: -0
      objectReference: {fileID: 0}
    - target: {fileID: 441135983329442709, guid: 9ff59f4ca3018344086423b0c4627e1d,
        type: 3}
      propertyPath: m_LocalRotation.y
      value: -0
      objectReference: {fileID: 0}
    - target: {fileID: 441135983329442709, guid: 9ff59f4ca3018344086423b0c4627e1d,
        type: 3}
      propertyPath: m_LocalRotation.z
      value: -0
      objectReference: {fileID: 0}
    - target: {fileID: 441135983329442709, guid: 9ff59f4ca3018344086423b0c4627e1d,
        type: 3}
      propertyPath: m_LocalRotation.w
      value: 1
      objectReference: {fileID: 0}
    - target: {fileID: 441135983329442709, guid: 9ff59f4ca3018344086423b0c4627e1d,
        type: 3}
      propertyPath: m_RootOrder
      value: 0
      objectReference: {fileID: 0}
    - target: {fileID: 441135983329442709, guid: 9ff59f4ca3018344086423b0c4627e1d,
        type: 3}
      propertyPath: m_LocalEulerAnglesHint.x
      value: 0
      objectReference: {fileID: 0}
    - target: {fileID: 441135983329442709, guid: 9ff59f4ca3018344086423b0c4627e1d,
        type: 3}
      propertyPath: m_LocalEulerAnglesHint.y
      value: 0
      objectReference: {fileID: 0}
    - target: {fileID: 441135983329442709, guid: 9ff59f4ca3018344086423b0c4627e1d,
        type: 3}
      propertyPath: m_LocalEulerAnglesHint.z
      value: 0
      objectReference: {fileID: 0}
    m_RemovedComponents: []
  m_SourcePrefab: {fileID: 100100000, guid: 9ff59f4ca3018344086423b0c4627e1d, type: 3}
--- !u!1 &2333772972068250920 stripped
GameObject:
  m_CorrespondingSourceObject: {fileID: 441135983329142709, guid: 9ff59f4ca3018344086423b0c4627e1d,
    type: 3}
  m_PrefabInstance: {fileID: 2773092509221438109}
  m_PrefabAsset: {fileID: 0}
--- !u!4 &2333772972068616456 stripped
Transform:
  m_CorrespondingSourceObject: {fileID: 441135983329442709, guid: 9ff59f4ca3018344086423b0c4627e1d,
    type: 3}
  m_PrefabInstance: {fileID: 2773092509221438109}
  m_PrefabAsset: {fileID: 0}
--- !u!1001 &4562292826849970758
PrefabInstance:
  m_ObjectHideFlags: 0
  serializedVersion: 2
  m_Modification:
    m_TransformParent: {fileID: 6476012626200029744}
    m_Modifications:
    - target: {fileID: 6337357453809316807, guid: e8b97fdbe5e26447b8bfced105eb0298,
        type: 3}
      propertyPath: m_LocalPosition.x
      value: -0
      objectReference: {fileID: 0}
    - target: {fileID: 6337357453809316807, guid: e8b97fdbe5e26447b8bfced105eb0298,
        type: 3}
      propertyPath: m_LocalPosition.y
      value: 0
      objectReference: {fileID: 0}
    - target: {fileID: 6337357453809316807, guid: e8b97fdbe5e26447b8bfced105eb0298,
        type: 3}
      propertyPath: m_LocalPosition.z
      value: 0
      objectReference: {fileID: 0}
    - target: {fileID: 6337357453809316807, guid: e8b97fdbe5e26447b8bfced105eb0298,
        type: 3}
      propertyPath: m_LocalRotation.x
      value: 0
      objectReference: {fileID: 0}
    - target: {fileID: 6337357453809316807, guid: e8b97fdbe5e26447b8bfced105eb0298,
        type: 3}
      propertyPath: m_LocalRotation.y
      value: -0
      objectReference: {fileID: 0}
    - target: {fileID: 6337357453809316807, guid: e8b97fdbe5e26447b8bfced105eb0298,
        type: 3}
      propertyPath: m_LocalRotation.z
      value: -0
      objectReference: {fileID: 0}
    - target: {fileID: 6337357453809316807, guid: e8b97fdbe5e26447b8bfced105eb0298,
        type: 3}
      propertyPath: m_LocalRotation.w
      value: 1
      objectReference: {fileID: 0}
    - target: {fileID: 6337357453809316807, guid: e8b97fdbe5e26447b8bfced105eb0298,
        type: 3}
      propertyPath: m_RootOrder
      value: 1
      objectReference: {fileID: 0}
    - target: {fileID: 6337357453809316807, guid: e8b97fdbe5e26447b8bfced105eb0298,
        type: 3}
      propertyPath: m_LocalEulerAnglesHint.x
      value: 0
      objectReference: {fileID: 0}
    - target: {fileID: 6337357453809316807, guid: e8b97fdbe5e26447b8bfced105eb0298,
        type: 3}
      propertyPath: m_LocalEulerAnglesHint.y
      value: 0
      objectReference: {fileID: 0}
    - target: {fileID: 6337357453809316807, guid: e8b97fdbe5e26447b8bfced105eb0298,
        type: 3}
      propertyPath: m_LocalEulerAnglesHint.z
      value: 0
      objectReference: {fileID: 0}
    - target: {fileID: 6337357453809545191, guid: e8b97fdbe5e26447b8bfced105eb0298,
        type: 3}
      propertyPath: m_Name
      value: obelisk-empty
      objectReference: {fileID: 0}
    - target: {fileID: 6337357453809545191, guid: e8b97fdbe5e26447b8bfced105eb0298,
        type: 3}
      propertyPath: m_IsActive
      value: 0
      objectReference: {fileID: 0}
    m_RemovedComponents: []
  m_SourcePrefab: {fileID: 100100000, guid: e8b97fdbe5e26447b8bfced105eb0298, type: 3}
--- !u!1 &7539681224219518369 stripped
GameObject:
  m_CorrespondingSourceObject: {fileID: 6337357453809545191, guid: e8b97fdbe5e26447b8bfced105eb0298,
    type: 3}
  m_PrefabInstance: {fileID: 4562292826849970758}
  m_PrefabAsset: {fileID: 0}
--- !u!4 &7539681224219883905 stripped
Transform:
  m_CorrespondingSourceObject: {fileID: 6337357453809316807, guid: e8b97fdbe5e26447b8bfced105eb0298,
    type: 3}
  m_PrefabInstance: {fileID: 4562292826849970758}
  m_PrefabAsset: {fileID: 0}
